%% This BibTeX bibliography file was created using BibDesk.
%% http://bibdesk.sourceforge.net/

%% Created for Sidney Bell at 2018-10-03 18:24:25 -0700 


%% Saved with string encoding Unicode (UTF-8) 


@string{knuth = {Donald E. Knuth}}


@book{darwin2004origin,
	Author = {Darwin, Charles},
	Date-Added = {2018-10-03 18:24:23 -0700},
	Date-Modified = {2018-10-03 18:24:23 -0700},
	Publisher = {Routledge},
	Title = {On the origin of species, 1859},
	Year = {2004}}
